<?xml version="1.0" encoding="UTF-8"?><collection xmlns="http://www.loc.gov/MARC21/slim"><record><leader>00357nam--2200121-i-4500</leader><controlfield tag="001">000025813</controlfield><controlfield tag="002">20161230</controlfield><controlfield tag="005">20161230201036</controlfield><controlfield tag="008">060222s1000------------r-----000-0-eng-d</controlfield><datafield ind1=" " ind2=" " tag="100"><subfield code="a">Johnston,Sydney J., Johnstone, M.G</subfield></datafield><datafield ind1=" " ind2=" " tag="245"><subfield code="a">Minerals for the chemical and allied industries.second edition</subfield></datafield><datafield ind1=" " ind2=" " tag="260"><subfield code="a">London, Chapman And Hall, 1961. Xi+788p</subfield></datafield><datafield ind1=" " ind2=" " tag="852"><subfield code="a">17039</subfield></datafield></record></collection>